
@book{monteiro01,
    title={Introdução à Organização de computadores},
    author={Monteiro, M.A.},
    year={2007},
    publisher={Livros Técnicos e Científicos}
}

@Misc{chella05,
    author = {Marco Túlio Chella},
    title = {{Notas de Aula 05}},
    month = {8},
    year = {2013}
}
